@article{SM_Tutorial_10,
  author = {Saar Levi},
  title = {Space Mechanics - Tutorial 10},
  year = {2024}
}
